@article{PhysRevB.93.155157,
    title = {Thermal Ising transitions in the vicinity of two-dimensional quantum critical points},
    author = {Hesselmann, S. and Wessel, S.},
    journal = {Phys. Rev. B},
    volume = {93},
    issue = {15},
    pages = {155157},
    numpages = {11},
    year = {2016},
    month = {Apr},
    publisher = {American Physical Society},
    doi = {10.1103/PhysRevB.93.155157},
    url = {https://link.aps.org/doi/10.1103/PhysRevB.93.155157}
}
