@unknown{clusterExp,
author = {Vanhecke, Bram and Damme, Maarten and Vanderstraeten, Laurens and Verstraete, Frank},
year = {2019},
month = {12},
pages = {},
title = {Symmetric cluster expansions with tensor networks}
}



 %   \href{https://www.researchgate.net/publication/51966038_Exploring_corner_transfer_matrices_and_corner_tensors_for_the_classicalsimulation_of_quantum_lattice_systems}{explanation thermal expectation  values}
    
  %  http://qpt.physics.harvard.edu/c43.pdf
    
   % https://arxiv.org/pdf/1012.0653.pdf
    
%    https://pdfs.semanticscholar.org/f8db/3d9e21371372e5edab5a34ce13b9f91cc7a6.pdf
    
 %   https://arxiv.org/pdf/cond-mat/9509147.pdf
    
  %  expliciete contructie mpo en pepo
  %  https://arxiv.org/pdf/1911.04592.pdf